@jurisdition{Dlgs112,
	title = {Decreto legislativo del 15 luglio 2015, n.\ 112 e ss.mm.ii.},
	titleaddon = {Attuazione della direttiva 2012/34/UE del Parlamento europeo e del Consiglio, del 21 novembre 2012, che istituisce uno spazio ferroviario europeo unico}
}
@online{ElencoIF,
	title = {Elenco delle imprese ferroviarie},
	author = {Agenzia Nazionale per la Sicurezza delle Ferrovie e delle Infrastrutture Stradali e Autostradali},
	url = {https://www.ansfisa.gov.it/ifn-elenco-if},
	urldate = {2023-06-22}
}
@online{RfiKm,
	title = {La rete oggi},
	author = {Rete Ferroviaria Italiana S.p.A.},
	date = {2022-12-31},
	url = {https://www.rfi.it/it/rete/la-rete-oggi.html},
	urldate = {2023-06-22}
}
@online{FerKm,
	title = {La rete},
	author = {Ferrovie Emilia Romagna},
	url = {https://www.fer.it/?page_id=61},
	urldate = {2023-06-22}
}
@online{FerNordKm,
	title = {La rete oggi},
	author = {Ferrovienord},
	url = {https://www.ferrovienord.it/la-rete-oggi/},
	urldate = {2023-06-22}
}
@online{MefGruppoFS,
	title = {Società partecipate -- Ferrovie dello Stato},
	author = {Ministero dell'Economia e delle Finanze},
	date = {2013-08-13},
	url = {https://www.mef.gov.it/ministero/ferrovie_stato.html},
	urldate = {2023-06-22}
}
@online{ControllateFS,
	title = {Società del Gruppo},
	author = {Ferrovie dello Stato Italiane},
	url = {https://www.fsitaliane.it/content/fsitaliane/it/il-gruppo-fs/societa-del-gruppo.html},
	urldate = {2023-06-23}
}
@online{TrenordChiSiamo,
	title = {Chi siamo},
	author = {Trenord},
	url = {https://www.trenord.it/chi-siamo/},
	urldate = {2023-06-23}
}
@online{BorsaItalianaFNM,
	title = {FNM S.p.A.\ -- Profilo Società},
	author = {Borsa Italiana},
	date = {2023-05-23},
	url = {https://www.borsaitaliana.it/borsa/azioni/profilo-societa-dettaglio.html?isin=IT0000060886},
	urldate = {2023-06-23}
}
@online{NascitaTper,
	title = {Nasce Trenitalia Tper, gestirà il servizio ferroviario in Emilia-Romagna},
	author = {Regione Emilia-Romagna},
	date = {2019-12-13},
	url = {https://mobilita.regione.emilia-romagna.it/news-archivio/2019/dicembre/nasce-trenitalia-tper-gestira-il-servizio-ferroviario-in-emilia-romagna},
	urldate = {2023-06-23}
}
@online{SociTper,
	title = {I soci},
	author = {TPER},
	url = {https://www.tper.it/i-soci},
	urldate = {2023-06-23}
}
@online{FerChiSiamo,
	title = {Chi siamo},
	author = {FER},
	url = {https://www.fer.it/?page_id=44},
	urldate = {2023-06-24}
}
@report{CameraTrasportoFerroviario,
	author = {IX Commissione {(Trasporti, Poste e Telecomunicazioni)}},
	title = {Il trasporto ferroviario},
	type = {},
	institution = {Camera dei Deputati},
	date = {2023-05-31},
	url = {https://temi.camera.it/leg19/temi/19_tl18_il_sistema_ferroviario.html#agenda2030},
	urldate = {2023-06-24}
}
@jurisdition{Reg1370,
	title = {Regolamento (CE) del 23 ottobre 2007 n.\ 1370/2007},
	titleaddon = {Regolamento del Parlamento europeo e del Consiglio  relativo ai servizi pubblici di trasporto di passeggeri su strada e per ferrovia e che abroga i regolamenti del Consiglio (CEE) n.\ 1191/69 e (CEE) n.\ 1107/70}
}
@online{RfiPir,
	author = {Rete Ferroviaria Italiana},
	title = {Prospetto informativo della rete},
	url = {https://www.rfi.it/it/Offerta/accesso-alla-rete/prospetto-informativo-della-rete.html},
	urldate = {2023-06-24}
}
@online{ViaggiatrenoToS,
	author = {Viaggiatreno},
	title = {Note legali},
	url = {http://viaggiatreno.it/},
	urldate = {2023-08-22}
}
@online{TrenitSospensione,
	author = {Trenìt},
	title = {Servizio sospeso temporaneamente},
	date = {2019-08-01},
	url = {https://trenit.app/sospensione-faqs},
	urldate = {2023-08-22}
}
@misc{TrenitFQ,
	author = {Stefano Galeotti},
	editor = {Il Fatto Quotidiano},
	title = {Treni, Trenitalia fa causa alla app da 3 milioni di utenti che aggrega orari, ritardi e prezzi: “Uso dei dati non autorizzato”},
	date = {2019-07-24},
	url = {https://www.ilfattoquotidiano.it/2019/07/24/treni-trenitalia-fa-causa-alla-app-da-3-milioni-di-utpppenti-che-aggrega-orari-ritardi-e-prezzi-uso-dei-dati-non-autorizzato/5343955/},
	urldate = {2023-08-23}
}
@misc{TrenitWired,
	author = {Riccardo Saporiti},
	editor = {Wired},
	title = {Trenitalia fa causa a un'app che mostra i ritardi: è giusto che dati di interesse pubblico non siano aperti?},
	date = {2019-07-29},
	url = {https://www.wired.it/lifestyle/mobilita/2019/07/29/trenitalia-trenit-dati-treni/},
	urldate = {2023-08-23}
}
@legal{TrenitSentenza,
	date = {2019-09-05},
	title = {R.G.\ 34006/2019},
	subtitle = {Ordinanza di revoca provvedimento precedente del 05/09/2019},
	author = {Andrea Postiglione},
	editor = {Tribunale di Roma},
}
@misc{TrenitPiana,
	date = {2020-01-29},
	title = {Scraping di dati pubblici per non perdere il treno della concorrenza},
	author = {Carlo Piana},
	editor = {TechEconomy2030},
	url = {https://www.techeconomy2030.it/2020/01/29/scraping-di-dati-pubblici-per-non-perdere-il-treno-della-concorrenza/},
	urldate = {2023-08-23}
}
@misc{Giunta,
	author = {Alberto Giunta},
	title = {+++TRENITALIA SHOCK+++ NON crederete MAI a queste API *painful*},
	publisher = {Medium},
	date = {2018-02-02},
	url = {https://medium.com/@albigiu/trenitalia-shock-non-crederete-mai-a-queste-api-painful-14433096502c}
}
@misc{Sabas,
	author = {Sabas},
	title = {Trenitalia},
	subtitle = {Scraping di Viaggiatreno},
	publisher = {GitHub},
	url = {https://github.com/sabas/trenitalia}
}
@misc{Grandi,
	author = {Luca Grandi},
	title = {Informazioni-Treni-Italiani},
	subtitle = {Come ottenere informazioni dei treni Trenitalia da Viaggiatreno},
	publisher = {GitHub},
	url = {https://github.com/Razorphyn/Informazioni-Treni-Italiani}
}
@misc{Tarizzo,
	author = {Fabrizio Tarizzo},
	title = {TrainMonitor},
	subtitle = {A set of python script to download and process data of Italian railways site www.viaggiatreno.it},
	publisher = {GitHub},
	url = {https://github.com/roughconsensusandrunningcode/TrainMonitor/wiki/API-del-sistema-Viaggiatreno}
}
